@online{onboard,
author = {Basile},
year   = {2022},
title  = {AES Encryption and Decryption In Python: Implementation, Modes and Key Management},
url    = {https://onboardbase.com/blog/aes-encryption-decryption/}
}

@online{nitratine,
author = {Brent Vollebregt},
year   = {2019},
title  = {Python Encryption and Decryption with PyCryptodome},
url    = {https://nitratine.net/blog/post/python-encryption-and-decryption-with-pycryptodome/}
}

@online{pycrypto,
author = {Legrandin},
year   = {2022},
title  = {Modern modes of operation for symmetric block ciphers},
url    = {https://pycryptodome.readthedocs.io/en/latest/src/cipher/modern.html#eax-mode}
}

@online{auth0,
author = {Frank Galuszka},
year   = {2019},
title  = {Hashing Passwords: One-Way Road to Security},
url    = {https://auth0.com/blog/hashing-passwords-one-way-road-to-security/}
}

@online{TomSchim,
author = {Tom Schimansky},
year   = {2022},
title  = {CustomTkinter},
url    = {https://github.com/TomSchimansky/CustomTkinter/wiki}
}

@online{pythonhub,
author = {Maitry},
title  = {Intro To CustomTkinter â€“ Make Your Modern-Looking GUIs In Python},
url    = {https://python-hub.com/intro-customtkinter-modern-looking-guis-in-python/}
}

@online{pytutorial,
author = {PythonTutorial.net},
title  = {Tkinter Grid},
url    = {https://www.pythontutorial.net/tkinter/tkinter-grid/}
}

@online{geek,
author = {Geeks for Geeks},
year   = {2020},
title  = {Encrypt using XOR Cipher with Repeating Key},
url    = {https://www.geeksforgeeks.org/encrypt-using-xor-cipher-with-repeating-key/}
}

@misc{ enwiki:1139577080,
  author = "{Wikipedia contributors}",
  title = "Exclusive or --- {Wikipedia}{,} The Free Encyclopedia",
  year = "2023",
  url = "https://en.wikipedia.org/w/index.php?title=Exclusive_or&oldid=1139577080",
  note = "[Online; accessed 13-April-2023]"
}

@online{delft,
author = {Muhammad Waiz Khan},
year   = {2023},
title  = {XOR in Python},
url    = {https://www.delftstack.com/howto/python/xor-in-python/}
}

@misc{ enwiki:1147326021,
  author = "{Wikipedia contributors}",
  title = "One-time pad --- {Wikipedia}{,} The Free Encyclopedia",
  year = "2023",
  url = "https://en.wikipedia.org/w/index.php?title=One-time_pad&oldid=1147326021",
  note = "[Online; accessed 2-May-2023]"
}

@online{panda,
author = {Panda Mediacenter},
year   = {2023},
title  = {What Is AES Encryption? A Guide to the Advanced Encryption Standard},
url    = {https://www.pandasecurity.com/en/mediacenter/security/what-is-aes-encryption/}
}